
@book{blundell_concepts_2010,
	address = {Oxford ; New York},
	edition = {2nd ed},
	title = {Concepts in thermal physics},
	isbn = {978-0-19-956209-1 978-0-19-956210-7},
	language = {en},
	publisher = {Oxford University Press},
	author = {Blundell, Stephen and Blundell, Katherine M.},
	year = {2010},
	note = {ZSCC: 0000005 
OCLC: ocn430497029},
	keywords = {Heat, Thermodynamics},
	file = {Blundell 和 Blundell - 2010 - Concepts in thermal physics.pdf:/Users/guoyiming/Zotero/storage/I7N6X9AK/Blundell 和 Blundell - 2010 - Concepts in thermal physics.pdf:application/pdf},
}

@book{__2007,
	address = {北京},
	title = {热学教程},
	isbn = {978-7-03-019144-1},
	language = {Chinese},
	publisher = {科学出版社},
	author = {{包科达}},
	year = {2007},
	note = {ZSCC: 0000004 
OCLC: 181670080},
	file = {包科达_2007_热学教程.pdf:/Users/guoyiming/Zotero/storage/9NEAJ9V3/包科达_2007_热学教程.pdf:application/pdf},
}

@book{__2015,
	address = {北京},
	title = {传热学},
	isbn = {978-7-04-018918-6},
	abstract = {Quan shu gong 11 zhang,Bao kuo dao re,Dui liu chuan re,Fu she chuan re,Chuan re guo cheng he huan re qi,Chuan zhi xue deng nei rong,Mei zhang you xiao jie yu ying yong.},
	language = {Chinese},
	publisher = {高等教育出版社},
	author = {{杨世铭} and {陶文铨}},
	year = {2015},
	note = {OCLC: 1150637435},
}

@book{young_sears_2016,
	address = {Boston},
	edition = {14th edition},
	title = {Sears and {Zemansky}'s university physics: with modern physics},
	isbn = {978-0-321-97361-0 978-0-13-397798-1},
	shorttitle = {Sears and {Zemansky}'s university physics},
	language = {en},
	publisher = {Pearson},
	author = {Young, Hugh D. and Freedman, Roger A. and Ford, A. Lewis and Sears, Francis Weston},
	year = {2016},
	keywords = {Physics, Study and teaching (Higher), Textbooks},
	file = {Young 等。 - 2016 - Sears and Zemansky's university physics with mode.pdf:/Users/guoyiming/Zotero/storage/H529SWET/Young 等。 - 2016 - Sears and Zemansky's university physics with mode.pdf:application/pdf},
}


@misc{ enwiki:1038093320,
    author = "{Wikipedia contributors}",
    title = "Thermal conductivity --- {Wikipedia}{,} The Free Encyclopedia",
    year = "2021",
    url = "https://en.wikipedia.org/w/index.php?title=Thermal_conductivity&oldid=1038093320",
    note = "[Online; accessed 4-October-2021]"
  }
